% Just an example bibtex file, not part of the actual document.
@article { label,
    author = "",
    title = "",
    journal = "",
    volume = "",
    number = "",
    pages = "",
    year = "",
    month = "",
    note = ""
}

@book { label,
    author = "",
    title = "",
    publisher = "",
    volume = "",
    number = "",
    series = "",
    address = "",
    edition = "",
    year = "",
    month = "",
    note = ""
}

@misc { label,
    author = "",
    title = "",
    month = "",
    year = "",
    url = ""
}