@misc { WebF20,
    url = "https://webfoundation.org/2020/04/covid-missed-targets/",
    author = "Carlos Iglesias",
    title = "As internet access proves critical, we are missing targets to connect everyone. \url{https://webfoundation.org/2020/04/covid-missed-targets/}",
    month = apr,
    year = "2020"
}
@misc { ActiveDocument,
    url = "http://sensei.lsi.uned.es/ActiveDocument/",
    title = "{A}ctive {D}ocument, \url{http://sensei.lsi.uned.es/ActiveDocument/}",
    author = "",
    year = ""
}

@misc { GraphQL,
    url = "https://www.howtographql.com/basics/1-graphql-is-the-better-rest/",
    title = "{GraphQL} is the better {REST}, \url{https://www.howtographql.com/basics/1-graphql-is-the-better-rest/}",
    author = "",
    year = ""
}

@misc {WebRTCgettingStarted
    url = "https://webrtc.org/getting-started/overview",
    title = "webRTC getting started, \url{https://webrtc.org/getting-started/overview}",
    author = "",
    year = ""
}

@misc { JavaScriptP2P,
    url = "https://blog.sessionstack.com/how-javascript-works-webrtc-and-the-mechanics-of-peer-to-peer-connectivity-87cc56c1d0ab",
    title = "JavaScript peer-to-peer, \url{https://blog.sessionstack.com/how-javascript-works-webrtc-and-the-mechanics-of-peer-to-peer-connectivity-87cc56c1d0ab}",
    author = "",
    year = ""
}

@misc { WebRTChowDoesitWork,
    url = "https://www.innoarchitech.com/blog/what-is-webrtc-and-how-does-it-work",
    title = "WebRTC how does it work, \url{https://www.innoarchitech.com/blog/what-is-webrtc-and-how-does-it-work}",
    author = "",
    year = ""
}

@misc { TRwebRTC,
    url = "https://www.w3.org/TR/webrtc/",
    title = "WebRTC how does it work, \url{https://www.w3.org/TR/webrtc/}",
    author = "",
    year = ""
}

@misc { UltimateGuideWebRTC,
    url = "https://www.frozenmountain.com/ultimate-guide-to-webrtc",
    title = "Ultimate Guide WebRTC, \url{https://www.frozenmountain.com/ultimate-guide-to-webrtc}",
    author = "",
    year = ""
}

@misc { wikiWebRTC,
    url = "https://en.wikipedia.org/wiki/WebRTC",
    title = "Wikipidea WebRTC, \url{https://en.wikipedia.org/wiki/WebRTC}",
    author = "",
    year = ""
}

@misc { GlossaryWebRTC,
    url = "https://ribboncommunications.com/company/get-help/glossary/webrtc",
    title = "Glossary WebRTC, \url{https://ribboncommunications.com/company/get-help/glossary/webrtc}",
    author = "",
    year = ""
}

@misc { webRTCuseItFor,
    url = "https://www.callstats.io/blog/2018/03/23/what-is-webrtc-and-what-can-you-use-it-for",
    title = "WebRTC what can you use it for, \url{https://www.callstats.io/blog/2018/03/23/what-is-webrtc-and-what-can-you-use-it-for}",
    author = "",
    year = ""
}

@misc { WikipediaMATRIXprotocol,
    url = "https://en.wikipedia.org/wiki/Matrix_(protocol)",
    title = "wikipedia {MATRIX} protocol, \url{https://en.wikipedia.org/wiki/Matrix_(protocol)}",
    author = "",
    year = ""
}

@misc { MATRIXspec,
    url = "https://matrix.org/docs/spec/",
    title = "{MATRIX} specification, \url{https://matrix.org/docs/spec/}",
    author = "",
    year = ""
}

@misc { HandwikiMATRIXprotocol,
    url = "https://handwiki.org/wiki/Matrix_(protocol)",
    title = "Handwiki {MATRIX} protocol, \url{https://handwiki.org/wiki/Matrix_(protocol)}",
    author = "",
    year = ""
}

@misc { RumaMATRIX,
    url = "https://www.ruma.io/docs/matrix/",
    title = "Ruma MATRIX, \url{https://www.ruma.io/docs/matrix/}",
    author = "",
    year = ""
}

@misc {MATRIXorgOpenProtocol,
    url = "https://www.reddit.com/r/privacy/comments/da219t/im_project_lead_for_matrixorg_the_open_protocol/",
    title = "MATRIX orf the open protocol, \url{https://www.reddit.com/r/privacy/comments/da219t/im_project_lead_for_matrixorg_the_open_protocol/}",
    author = "",
    year = ""
}

@misc {PeerJSAPI,
    url = "https://peerjs.com/docs.html#api",
    title = "PeerJS API, \url{https://peerjs.com/docs.html#api}",
    author = "",
    year = ""
}

@misc {PeerJSsimplifiesWebRTC,
    url = "https://peerjs.com/#:~:text=PeerJS%20simplifies%20WebRTC%20peer%2Dto,connection%20to%20a%20remote%20peer",
    title = "PeerJS Simplifies WebRTC, \url{https://peerjs.com/#:~:text=PeerJS%20simplifies%20WebRTC%20peer%2Dto,connection%20to%20a%20remote%20peer}",
    author = "",
    year = ""
}

@misc {FlaviocopiesPeerJS,
    url = "https://flaviocopes.com/peerjs/",
    title = "Flaviocopies PeerJS, \url{https://flaviocopes.com/peerjs/}",
    author = "",
    year = ""
}

@misc {TamingWebRTCwithPeerJS,
    url = "https://www.toptal.com/webrtc/taming-webrtc-with-peerjs",
    title = "taming webRTC with peerjs, \url{https://www.toptal.com/webrtc/taming-webrtc-with-peerjs}",
    author = "",
    year = ""
}

@misc {RestfulAPI,
    url = "https://restfulapi.net/",
    title = "{REST}ful {API}, \url{https://restfulapi.net/}",
    author = "",
    year = ""
}

@misc {WhatisRESTAPI,
    url = "https://www.redhat.com/en/topics/api/what-is-a-rest-api",
    title = "{W}hat is {REST}, \url{https://www.redhat.com/en/topics/api/what-is-a-rest-api}",
    author = "",
    year = ""
}

@misc {DevelopersRestAPI,
    url = "https://www.sitepoint.com/developers-rest-api/",
    title = "{D}evelopers {REST}, \url{https://www.sitepoint.com/developers-rest-api/}",
    author = "",
    year = ""
}

@misc {GeeksRestAPI,
    url = "https://www.geeksforgeeks.org/rest-api-introduction/#:~:text=REST%20API%20is%20a%20way,way%20without%20having%20any%20processing.&text=All%20communication%20done%20via%20REST,POST%20or%20PUT%20or%20DELETE.",
    title = "{G}eeks {REST}, \url{https://www.geeksforgeeks.org/rest-api-introduction/#:~:text=REST%20API%20is%20a%20way,way%20without%20having%20any%20processing.&text=All%20communication%20done%20via%20REST,POST%20or%20PUT%20or%20DELETE.}",
    author = "",
    year = ""
}

@misc {SpecGraphQL,
    url = "http://spec.graphql.org/June2018/",
    title = "spec {G}raph{QL}, \url{http://spec.graphql.org/June2018/}",
    author = "",
    year = ""
}

@misc {GraphQL,
    url = "https://graphql.org/",
    title = "{G}raph{QL}, \url{https://graphql.org/}",
    author = "",
    year = ""
}

@misc {WhatisGraphQL,
    url = "https://www.redhat.com/en/topics/api/what-is-graphql",
    title = "{W}hat is {G}raph{QL}, \url{https://www.redhat.com/en/topics/api/what-is-graphql}",
    author = "",
    year = ""
}

@misc {GraphQLvsREST,
    url = "https://www.howtographql.com/basics/1-graphql-is-the-better-rest/",
    title = "{G}raph{QL} vs {REST}, \url{https://www.howtographql.com/basics/1-graphql-is-the-better-rest/}",
    author = "",
    year = ""
}

@misc {GraphQlApollo,
    url = "https://www.apollographql.com/blog/graphql-vs-rest-5d425123e34b/",
    title = "{G}raph{QL} {A}pollo, \url{https://www.apollographql.com/blog/graphql-vs-rest-5d425123e34b/}",
    author = "",
    year = ""
}